%Definición negocios minoristas

@book{gestionModerna,
	title={La gesti{\'o}n moderna del comercio minorista: el enfoque pr{\'a}ctico de las tiendas de {\'e}xito},
	author={Garc{\'\i}a, Juan Carlos Burruezo},
	year={2003},
	publisher={Esic Editorial}
}

@online{wikiMinorista,
	author = {Wikipedia},
	title = {Minorista},
	year = {2024},
	url = {https://es.wikipedia.org/wiki/Minorista},
	urldate = {2024-02-22}
}

%Estudio pequeños negocios mixtos

@book{gestionNegocio,
	author = {Vargas Belmonte, Antonio},
	title = {Gestión económica básica del pequeño comercio},
	year = {2023},
	edition = {1},
	publisher = {Bookwire GmbH},
	series = {COMT0112}
}

@book{gago2023dinamizacion,
	title={Dinamizaci{\'o}n del punto de venta en el peque{\~n}o comercio},
	author={Gago Mu{\~n}iz, Marta},
	year={2023},
	edition={1},
	publisher={Bookwire GmbH},
	series={COMT0112}
}

@book{duenas2014calidad,
	title={Calidad y servicios de proximidad en el peque{\~n}o comercio},
	subtitle={UF2382},
	author={Due{\~n}as Nogueras, Juan},
	year={2014},
	edition={1},
	publisher={IC Editorial}
}

%Estudio de comerciantes minoristas

@misc{autonomos2024master,
	title={M{\'a}ster empresariales: una opci{\'o}n para aut{\'o}nomos que tienen negocios},
	author={Autonomosyemprendedores},
	howpublished={\url{https://www.autonomosyemprendedor.es/articulo/actualidad/master-empresariales-opcion-que-autonomos-que-tienen-negocios/20240214104549034620.html}},
	year={2024},
	month={Feb},
	day={14},
	note={Accedido el [fecha de acceso aquí]}
}

@online{bbva2024brechadigital,
	author = {BBVA},
	title = {Superando la brecha digital: soluciones para conectar a las personas mayores con la tecnolog{\'i}a},
	year = {2024},
	url = {https://www.bbva.com/es/innovacion/superando-la-brecha-digital-soluciones-para-conectar-a-las-personas-mayores-con-la-tecnologia/},
	note = {Accedido el [fecha de acceso aquí]}
}

@online{iberdrolaBrechaDigital,
	author = {Iberdrola},
	title = {Qué es la brecha digital},
	year = {Año de Publicación},
	url = {https://www.iberdrola.com/compromiso-social/que-es-brecha-digital},
	note = {Último acceso: [Fecha de Acceso Aquí]}
}




